
@manual{newtonmethod,
    author = {{University of British Columbia}},
    title = {The Newton-Raphson Method},
    organization = {University of British Columbia},
    note = {\url{https://www.math.ubc.ca/~anstee/math104/newtonmethod.pdf},
	   visited 2023-07-13}
}

@manual{newtonapprox,
    author = {{Schulte, M.J., Omar, J. and Swartzlander}},
    title = {Optimal initial approximations for the Newton-Raphson division algorithm},
    organization = {University of Texas at Austin},
    year= {1994},
    month = {September},
    note = {\url{https://link.springer.com/article/10.1007/BF02307376},
	   visited 2023-07-13}
}
@manual{record,
    title = {Records Set by y-cruncher},
    organization = {{Northwestern University}},
    year = {2023},
    month = {March},
    note = {\url{http://www.numberworld.org/y-cruncher/records.html},
	   visited 2023-07-13}
}
@manual{first,
    title = {Oldest irrational number},
    organization = {{Guiness World Records}},
    note = {\url{https://www.guinnessworldrecords.com/world-records/oldest-irrational-number},
	   visited 2023-07-13}
}
@manual{root,
    title = {The square root of two =},
    author = {{Robert Nemiroff, Jerry Bonnell}},
    organization = {George Mason University and NASA Goddard Space Flight
                    Center, University Space Research Association and
                    NASA Goddard Space Flight Center },
    note = {\url{https://apod.nasa.gov/htmltest/gifcity/sqrt2.10mil}, visited 2023-07-11 }
}
@manual{konvergiert,
    title = {Praktische Verfahren der Gleichungsauflösung},
    author = {Richard von Mises and H. Pollaczek-Geiringer},
    organization = { ZAMM - Zeitschrift für Angewandte Mathematik und Mechanik 9},
    year = {1929},
    note = {\url{https://www.semanticscholar.org/paper/Praktische-Verfahren-der-Gleichungsaufl%C3%B6sung-.-Mises-Pollaczek-Geiringer/2e0f0bbe0a630c36ccd42e3b1b62eeb5e8dc4541} visited 2023-07-11}
}
@manual{pagerank,
    title = {THE \$25,000,000,000 EIGENVECTOR
        THE LINEAR ALGEBRA BEHIND GOOGLE},
    author = {Kurt Bryan and Tanya Leise},
    organization = {SIAM Review},
    year = {2006},
    note = {\url{https://www.rose-hulman.edu/~bryan/googleFinalVersionFixed.pdf}, visited 2023-07-11}
}
@manual{recursion,
    title = {Exponentiation by Squaring},
    author = {Tom Roelandts},
    year = {2017},
    month = {February},
    note = {\url{https://tomroelandts.com/articles/exponentiation-by-squaring}, visited 2023-07-12}
}
@manual{blatt,
    title = {Schnelle Exponentiation von Matrizen (A326)},
    organization = {Technical University of Munich},
    year = {2023},
    month = {June},
    note = {Projektaufgabe}
}